@misc{portfolio,
  howpublished = {Forrás: \url{https://www.portfolio.hu/prof/20181005/a-grafikon-ami-eleteket-mentett-299542}, \textit{Felhasználtam a történet bevezetését}}
}

@misc{wikiMatek,
  howpublished = {Forrás: \url{https://hu.wikipedia.org/wiki/Grafikon_(matematika)}, \textit{Felhasználtam az oldalon található grafikon megfogalmazását}}
}

@misc{oldGraph,
  howpublished = {Forrás: \url{https://dataschools.education/history-of-graphs/}}
}

@misc{wikiStock,
  howpublished = {Forrás: \url{https://hu.wikipedia.org/wiki/Tőzsde}}
}

@misc{wikiShare,
  howpublished = {Forrás: \url{https://hu.wikipedia.org/wiki/Részvény}}
}

@misc{wikiInvest,
  howpublished = {Forrás: \url{https://hu.wikipedia.org/wiki/Befektetési_alap}}
}

@misc{OTPInvest,
  howpublished = {Forrás: \url{https://www.otpbank.hu/otpalapkezelo/hu/Befektetesi_alapok/Tudnivalok}}
}